@article{badrinarayanan2015segnet,
  title={Segnet: A deep convolutional encoder-decoder architecture for image segmentation},
  author={Badrinarayanan, Vijay and Kendall, Alex and Cipolla, Roberto},
  journal={arXiv preprint arXiv:1511.00561},
  year={2015}
}
@inproceedings{ronneberger2015u,
  title={U-net: Convolutional networks for biomedical image segmentation},
  author={Ronneberger, Olaf and Fischer, Philipp and Brox, Thomas},
  booktitle={International Conference on Medical Image Computing and Computer-Assisted Intervention},
  pages={234--241},
  year={2015},
  organization={Springer}
}
@misc{kagglenerve,
  title = {Kaggle Nerve Segmentation challenge},
  howpublished = {https://www.kaggle.com/c/ultrasound-nerve-segmentation},  
  note = {Accessed: 2017-11-05}
}